% bibtex format

@booklet{ SystemC,
    author = "{Accelera}",
    title = "{SystemC}",
    year = "2000-2014",
    address = "http://www.accelera.org"
}
