@inproceedings{SATSIM,
   author = "Mark Wolff and Linda Wills",
   title = "{SATSim}: {A} {S}uperscalar {A}rchitecture {T}race {S}imulator using {I}nteractive {A}nimation",
   booktitle = "Workshop on Computer Architecture Education",
   address = "Vancouver, BC",
   month = "June",
   year = "2000"
}

@techreport{SPIM,
   author =   "James R. Larus",
   title =   "{SPIM S20}: {A} {MIPS R2000} {S}imulator",
   number = "University of Wisconsin, Madison",
   institution = "Sun Microsystems Laboratories, Inc",
   month = "Spetember",
   year =   "1990"
}

@techreport{SimpleScalar1,
   author =   "D. Burger and T. Austin",
   title =   "{T}he {S}impleScalar {T}ool {S}et, {V}ersion 2.0",
   number = "CS-TR-97-1342",
   institution = "Department of Computer Sciences, University of Wisconsin",
   month = "June",
   year =   "1997"
}

@article{lossless_trace_compression,
   author = "Eric E. Johnson and Jiheng Ha and Baqar Zaidi",
   title = "{L}ossless {T}race {C}ompression",
   journal = "IEEE Computer",
   volume = "50",
   number = "2",
   page = "158-173",
   month = "February",
   year = "2001"
}

@article{stream_based_trace_compression,
   author = "Aleksandar Milenkovic and Milena Milenkovic",
   title = "{S}tream-{B}ase {T}race {C}ompression",
   journal = "Computer Architecture Letters",
   volume = "2",
   month = "September",
   year = "2003"
}

@article{SimpleScalar2,
   author = "Todd Austin and Eric Larson and Dan Ernst",
   title =  "{S}imple{S}calar: {A}n {I}nfrastructure for {C}omputer {S}ystem {M}odeling",
   journal = "IEEE Computer",
   volume = "35",
   number = "2",
   page = "59-67",
   month = "February",
   year = "2002"
}

@inproceedings{SimAlpha,
   author = "R. Desikan and D. Burger and S. W. Keckler",
   title =  "{M}easuring {E}xperimental {E}rror in {M}icroprocessor {S}imulation",
   booktitle = "The 28th Annual Intl. Symposium on Computer Architecture",
   address = "Anchorage, Alaska",
   page = "266-277",
   month = "June",
   year = "2001"
}

@article{SimOS1,
   author =  "Mendel Rosenblum and Stephen A. Herrod and Emmett Witchel and Anoop Gupta",
   title = "{C}omplete {C}omputer {S}imulation: {T}he {S}im{OS} {A}pproach",
   journal =  "IEEE Parallel and Distributed Technology",
   month = "Fall",
   year = "1995"
}

@inproceedings{SimOS2,
   author = "Emmett Witchel and Mendel Rosenblum",
   title = "{E}mbra: {F}ast and {F}lexible {M}achine {S}imulation",
   booktitle = "Proceedings of ACM SIGMETRICS '96: Conference on Measurement and Modeling of Computer Systems",
   address = "Philadelphia, PA, USA",
   month = "May",
   year = "1996"
}

@article{SimOS3,
   author =  "Mendel Rosenblum and Edouard Bugnion and Scott Devine and Steve Herrod",
   title =  "{U}sing the {S}im{OS} {M}achine {S}imulator to {S}tudy {C}omplex {C}omputer {S}ystems",
   journal = "ACM TOMACS Special Issue on Computer Simulation",
   year = "1997"
}

@booklet{SimOS4,
   author = "Stephen A. Herrod",
   title = "{U}sing {C}omplete {M}achine {S}imulation to {U}nderstand {C}omputer {S}ystem {B}ehavior, {Ph.D. Thesis}",
   address = "Stanford University",
   month = "February",
   year = "1998"
}

@InProceedings{RSIM1,
        AUTHOR             = {Vijay S. Pai and Parthasarathy Ranganathan and Sarita V. Adve},
        BOOKTITLE          = {Proceedings of the Third Workshop on Computer Architecture Education},
        TITLE              = {{RSIM}: {A}n {E}xecution-{D}riven {S}imulator for {ILP}-{B}ased {S}hared-{M}emory {M}ultiprocessors and {U}niprocessors},
        YEAR               = {February 1997},
	NOTE		   = {Also appears in IEEE TCCA Newsletter, October 1997.},
        ANNOTE             = {topic: simulation/ilp, mp/simulation/execution-driven},
}

@article{RSIM2,
   author = "Christopher J. Hughes and Vijay S. Pai and Parthasarathy Ranganathan and Sarita V. Adve",
   title =  "{RSIM}: {S}imulating {S}hared-{M}emory {M}ultiprocessors with {ILP} {P}rocessors",
   journal = "IEEE Computer",
   volume = "35",
   number = "2",
   page = "40-49",
   month = "February",
   year = "2002"
}

@article{Simics,
   author =  "Peter S. Magnusson and Magnus Christensson and Jesper Eskilson and Daniel Forsgren and Gustav Hållberg and Johan Högberg and Fredrik Larsson and Andreas Moestedt and Bengt Werner",
   title = "{S}imics: {A} {F}ull {S}ystem {S}imulation {P}latform",
   journal = "IEEE Computer",
   volume = "35",
   number = "2",
   page = "50-58",
   month = "February",
   year = "2002"
}

@booklet{CSIM,
	title = "{CSIM}",
    address = "http://www.atl.external.lmco.com/proj/csim"
}

@booklet{MLRSIM,
    author =  "Lambert Schaelicke and Mike Parker",
    title = "{ML-RSIM}",
    address = "http://www.cse.nd.edu/~mlrsim/index.php",
    year = "2002-2004"
}

@article{DineroIII,
    author = "Mark D. Hill",
	title = "{T}est {D}riving {Y}our {N}ext {C}ache",
    journal = "Magazine of Intellignet Personal Systems (MIPS)",
	month = "August",
	year = "1989"
}

@inproceedings{SIMCA,
    author = "Jian Huang and David J. Lilja",
    title = "{A}n {E}fficient {S}trategy for {D}eveloping a {S}imulator for a {N}ovel {C}oncurrent {M}ultithreaded {P}rocessor",
    booktitle = "Proceedings of the 6th International Symposium on Modeling, Analysis, and Simulation of Computer and Telecommunication Systems",
	page = "185-191",
	month = "July",
	year = "1998"
}

@article{LDASimulator,
   author =  "Florian Schintke and Jens Simon and Alexander Reinefeld",
   title = "{A} {C}ache {S}imulator for {S}hared {M}emory {S}ystems",
   journal = "Computational Science (ICCS)",
   volume = "vol. 2074 of Lecture Notes in Computer Science",
   page = "569-578",
   month = "Spring",
   year = "2001"
}

@inproceedings{ABSS,
   author = "Dwight Sunada and David Glasco and Michael Flynn",
   title = "{ABSS} v2.0: a {SPARC} {S}imulator",
   booktitle = "the proceedings of the 8th Workshop on Synthesis And System Integration of Mixed Technologies (SASIMI)",
   address = "Sendai, Japan",
   month = "October",
   year = "1998"
}

@article{HASE1,
   author = "R.N.Ibbett",
   title = "{HASE} {DLX} {S}imulation {M}odel",
   journal = "IEEE Micro",
   volume = "20",
   number = "3",
   page = "57-65",
   year = "2000"
}

@article{HASE2,
  author = "R.N.Ibbett",
  title = "{C}omputer {A}rchitecture {V}isualisation {T}echniques",
  journal = "Microprocessors and Microsystems, Elsevier",
  volume = "23",
  page = "291-300",
  year = "1999"
}

@article{HASE3,
  author = "P.S. Coe and F.W. Howell and R.N. Ibbett and L.M. Williams",
  title = "{A} {H}ierarchical {C}omputer {A}rchitecture {D}esign and {S}imulation {E}nvironment",
  journal = "ACM Transaction on Modeling and Computer Simulation",
  volume = "8",
  number = "4",
  year = "1998"
}

@article{HASE4,
  author = "RN Ibbett and PE Heywood and FW Howell",
  title = "{HASE}: a flexible toolset for computer architects",
  journal = "The Computer Journal",
  volume = "38",
  issue = "10",
  page = "755-764",
  year = "1995"
}

@inbook{HASE5,
   author = "F.W.Howell and R.N.Ibbett, edited by Kallol Bagchi",
   title = "{H}ierarchical {A}rchitecture {S}imulation {E}nvironment",
   booktitle = "{M}odelling and {S}imulation of {A}dvanced {C}omputer {S}ystems: {T}echniques, {T}ools and {T}utorials",
   chapter = "1",
   page = "1-18",
   howpublished = "Kallol Bagchi",
   publisher = "Gordon and Breach",
   year = "1996"
}

@inproceedings{SHADE1,
    author={Bob Cmelik and David Keppel},
    title={Shade: A Fast Instruction-Set Simulator for Execution Profiling},
    booktitle={Proceedings of the 1994 ACM SIGMETRICS Conference
             on the Measurement and Modeling of Computer Systems},
    month={May},
    year={1994},
    pages={128,137}
}

@techreport{SHADE2,
    author={Robert F. Cmelik and David Keppel},
    title={Shade: A Fast Instruction-Set Simulator for Execution Profiling},
    number={SMLI 93-12, UWCSE 93-06-06},
    institution = {Sun Microsystems Laboratories, Inc. and University of Washington},
    year={1993}
}

@techreport{ATOM1,
   author = "A. Eustace and A. Srivastava",
   title = "{ATOM}: {A} {F}lexible {I}nterface for {B}uilding {H}igh {P}erformance {P}rogram {A}nalysis {T}ools",
   number = "WRL Technical Note TN-44",
   institution = "Digital Western Research Laboratory, Palo Alto",
   month = "July",
   year = "1994"
}

@inproceedings{ATOM2,
  author = "Amitabh Srivastava and Alan Eustace",
  title = "{ATOM}: {A} {S}ystem for {B}uilding {C}ustomized {P}rogram {A}nalysis {T}ools",
  booktitle = "Proc. of the ACM Conference on Programming Language Design and Implementation (PLDI)",
  year = "1994"
}

@inproceedings{MINT,
    author = "Jack E. Veenstra and Robert J. Fowler",
    title = "{MINT}: A Front End for Efficient Simulation of Shared-Memory Multiprocessors",
    booktitle = "{MASCOTS}",
    pages = "201-207",
    year = "1994",
    url = "citeseer.ist.psu.edu/veenstra94mint.html" }

@techreport{AUGMINT,
  author = "A. Sharma and A. Nguyen and J. Torellas and M. Michael and J. Carbajal",
  title = "{A}ugmint: {A} {M}ultiprocessor {S}imulation {E}nvironment for {I}ntel x86 {A}rchitectures",
  year = "1996",
  url = "citeseer.ist.psu.edu/sharma96augmint.html" }

@booklet{WinMIPS,
  title = "{WinMIPS64}",
  url = "http://www.computing.dcu.ie/~mike/winmips64.html"
}

@inproceedings{ASF,
   author = "J.-L. Béchennec",
   title = "{ASF}: a teaching and research object oriented simulation tool for computer architecture design and performance evaluation",
   booktitle = "Workshop on Computer Architecture Education of the 25th Annual International Symposium on Computer Architecture",
   month = "June",
   year = "1998"
}

@inproceedings{SMTSIM,
  title = "{S}imulation and {M}odeling of a {S}imultaneous {M}ultithreading {P}rocessor",
  author = "D.M. Tullsen",
  booktitle = "the 22nd Annual Computer Measurement Group Conference",
  month = "December",
  year = "1996"
}

@booklet{PSIM,
   author = "A. Cagney",
   title = "{PSIM} {P}ower{PC} {S}imulator",
   url = "http://sources.redhat.com/psim"
}



@inproceedings{charestdate02,
  author = "Luc Charest and Chuck Pilkington and Pierre Paulin",
  title = "{SystemC} Performance Evaluation using a Pipelined {DLX} Multiprocessor",
  booktitle = "DATE '02",
  address = "Paris, France",
  Month = "March",
  year = "2002"
}


@inproceedings{petrot97,
  author = "Frédéric Petrot and Denis Hommais and Alain Greiner",
  title = "{C}ycle {P}recise {C}ore {B}ased {H}ardware/{S}oftware {S}ystem {S}imulation with {P}redictable {E}vent {P}ropagation",
  booktitle = "Proceedings of the 23rd EUROMICRO Conference",
  address = "Budapest, Hungary",
  Month = "September",
  year = "1997"
}

@inproceedings{hommais98,
  author = "Denis Hommais and Fr\'ed\'eric P\'etrot",
  title = "Efficient combinational loops handling for cycle precise simulation of system on chip",
  booktitle = "24th Euromicro",
  page = "51-54",
  address = "Vesteras, Sweden",
  Month = "August",
  year = "1998"
}

@inproceedings{libertymicro35,
  author = "Manish Vachharajani and Neil Vachharajani and David A. Penry and Jason A. Blome and David I. August",
  title = "Microarchitectural Exploration with Liberty",
  booktitle = "the 34th Annual International Symposium on Microarchitecture",
  address = "Austin, Texas, USA",
  month = "December",
  year = "2001"
}

@inproceedings{libertydac40,
  author = "David A. Penry and David I. August",
  title = "Optimizations for a Simulator Construction System Supporting Reusable Components",
  booktitle = "Proceedings of the 40th Design Automation Conference",
  address = "Anaheim, California, USA",
  Month = "June",
  year = "2003"
}

@booklet{edwards97,
  author = "Stephen A. Edwards",
  title = "The Specification and Execution of Heterogeneous Synchronous Reactive Systems, {PHD. Thesis}",
  address = "University of California, Berkeley",
  year = "1997"
}

@booklet{these_lafage,
  author = "Thierry Lafage",
  title = "Etude, réalisation et application d'une plate-forme de collecte de traces d'exécution de programmes",
  address = "Université de Rennes 1",
  year = "2000"
}

@booklet{ SystemC,
    author = "{OSCI}",
    title = "{SystemC}",
    year = "2000-2002",
    address = "http://www.systemc.org"
}

@article{tarjan72,
  author = "Robert Tarjan",
  title = "Depth-first Search and Linear Graph Algorithms",
  journal = "SIAM Journal on Computing",
  volume="1(2)",
  page="146-160",
  Month = "June",
  year = "1972"
}

@inproceedings{mips81,
  author = "J. Hennessy and N. Jouppi and F. Baskett and J. Gill",
  title = "{MIPS}: A {VLSI} processor architecture",
  booktitle =  "The Proceedings of the CMU Conference on VLSI Systems and Computations",
  address = "Rockville, Md. USA",
  month = "October",
  year = "1981"
}

@article{ASIM,
  author = "Joel Emer and Pritpal Ahuja and Eric Borch and Artur Klauser and Chi-Keung Luk and Srilatha Manne and Shubhendu S. Mukherjee and Harish Patil and Steven Wallace and Nathan Binkert and Ann Arbor and Roger Espasa and Toni Juan",
  title = "{ASIM}: {A} {P}erformance {M}odel {F}ramework",
  journal = "IEEE Computer",
  volume = "35",
  number = "2",
  page = "68-76",
  month = "February",
  year = "2002"
}

@inproceedings{ rajesh99processor,
  author = "V. Rajesh and R. Moona",
  title = "Processor modeling for hardware software codesign",
  booktitle = "International Conference on VLSI Design",
  address = "Goa, India",
  Month = "January",
  year = "1999"
}

@techreport{SS2,
   author =   "D. Burger and T. Austin",
   title =   "The SimpleScalar Tool Set, Version 2.0",
   number = "CS-TR-97-1342",
   institution = "Department of Computer Sciences, University of Wisconsin",
   month = "June",
   year =   "1997"
}

@inproceedings{ desikanmeasuring,
    author = "Rajagopalan Desikan and Doug Burger and Stephen W. Keckler",
    title = "Measuring Experimental Error in Microprocessor Simulation",
    pages = "266--277",
    booktitle = "The 28th Annual Intl. Symposium on Computer Architecture",
    month = "June",
    year = "2001",
    url = "citeseer.nj.nec.com/desikan01measuring.html" }

@inproceedings{IPPS,
    author = "A. Nguyen and M. Michael and A. Nanda and K. Ekanadham and P. Bose",
    title = "Accuracy and Speed-Up of Parallel Trace-Driven Architectural Simulation",
    booktitle = "Proc. Int'l Parallel Processing Symp., IEEE Computer Soc. Press,",
   address = "Geneva, Switzerland",
   year = "1997",
   month = "April",
    pages = "39--44",
    url = "citeseer.nj.nec.com/nguyen97accuracy.html" }
}


@inproceedings{ SPEC,
  author = "A. KleinOsowski and J. Flynn and N. Meares and D. Lilja",
  title = "Adapting the {SPEC 2000} Benchmark Suite for Simulation-Based Computer Architecture Research",
  booktitle = "Proceedings of the Third IEEE Annual Workshop on Workload Characterization, International Conference on Computer Design (ICCD),",
  pages= "73--82",
  month = "September",
  year = "2000" }

@inproceedings{contereducing,
    author = "T. Conte and M. Hirsch and K. Menezes",
    title = "Reducing State Loss for Effective Trace Sampling of Superscalar Processors",
    pages = "468--477",
    booktitle = "International Conference on Computer Design",
   address = "",
    year = "1996",
    url = "citeseer.nj.nec.com/conte96reducing.html"
}

@inproceedings{ chatterjee00cacheefficient,
    author = "Siddhartha Chatterjee and Sandeep Sen",
    title = "Cache-Efficient Matrix Transposition",
    booktitle = "Sixth International Symposium on High-Performance Computer Architecture",
    address = "Toulouse, France",
    pages = "195-205",
    year = "2000",
    url = "citeseer.nj.nec.com/chatterjee00cacheefficient.html" }

@inproceedings{PaTeVe02,
    author = "David Parello and Olivier Temam and Jean-Marie Verdun",
    title = "On Increasing Architecture Awareness in Program Optimizations to Bridge the Gap between Peak and Sustained
Processor Performance - Matrix-Multiply Revisited",
    pages = "",
    booktitle = "Supercomputing 2002",
    address = "Baltimore",
    month = "November",
    year = "2002",
    url = ""
}

@inproceedings{VeHoXu02,
    author = "Xavier Vera and Malardalens Hogskola and Jingling Xue ",
    title = "Let's Study Whole-Program Cache Behaviour Analytically",
    pages = "",
    booktitle = "Proceedings of the Eighth International Symposium on High-Performance Computer Architecture (HPCA'02)",
    address = "Boston, Massachusettes",
    year = "February 2002",
    url = ""
}

@booklet{PPC,
    author = "G. Mouchard",
    title = "{PowerPC G3} simulator",
    year = "2002",
    address = "http://www.microlib.org"
}

@booklet{ site_web,
        author = "Gilles Mouchard",
	title = "{DiST}",
	year = "2002",
	address = "http://www.microlib.org/DiST",
	organization = "Paris South University and CEA LIST"
}

@inproceedings{ dean97profileme,
    author = "Jeffrey Dean and James E. Hicks and Carl A. Waldspurger and William E. Weihl and George Z. Chrysos",
    title = "{ProfileMe} : Hardware Support for Instruction-Level Profiling on Out-of-Order Processors",
    booktitle = "International Symposium on Microarchitecture",
    address = "Research Triangle Park, North Carolina",
    pages = "292-302",
    year = "1997",
    url = "citeseer.nj.nec.com/dean97profileme.html" }

@inproceedings{martonosi93,
 author = {Margaret Martonosi and Anoop Gupta and Thomas Anderson},
 title = {Effectiveness of trace sampling for performance debugging tools},
 booktitle = {Proceedings of the 1993 ACM SIGMETRICS conference on
Measurement and modeling of computer systems},
 year = {1993},
 isbn = {0-89791-580-1},
 pages = {248--259},
 location = {Santa Clara, California, United States},
 doi = {http://doi.acm.org/10.1145/166955.167023},
 publisher = {ACM Press},
 }

@techreport{skadron-selecting,
	author = "Kevin Skadron and Margaret Martonosi and Douglas W. Clark",
	title = "{S}electing a {S}ingle, {R}epresentative {S}ample for {A}ccurate {S}imulation of {SPEC}int {B}enchmarks",
	institution = "University of Princeton",
	number = "TR-595-99",
	month = "January",
	year = "1999"
}
 
@misc{ anderson97continuous,
  author = "J. Anderson and L. Berc and J. Dean and S. Ghemawat and M. Henzinger and
    S. Leung and D. Sites and M. Vandevoorde and C. Waldspurger and W. Weihl",
  title = "Continuous profiling: Where have all the cycles gone",
  number = "Technical Note 1997-016",
  address = "Digital Equipment
    Corporation Systems Research Center, Palo Alto, Calif",
  month = "July",
  year = "1997",
  url = "citeseer.nj.nec.com/article/anderson97continuous.html" }

@inproceedings{ NUSS01,
     author =  "Sebastien Nussbaum and James Smith",
     title = "Modeling Superscalar Processors via Statistical Simulation",
     booktitle = "PACT '01, International Conference on Parallel Architectures and Compilation Techniques",
     address = "Barcelona",
     month = "September",
     year = "2001"
}

@inproceedings{ SHER01,
     author = "Tim Sherwood and Erez Perelman and Brad Calder",
     title = "Basic Block Distribution Analysis to Find Periodic Behavior and Simulation Points in Applications",
     booktitle = "International Conference on Parallel Architecture and Compilation Techniques",
     address = "Barcelona, Spain",
     month = "September",
     year = "2001"
}



@article{BOSE98,
  author = "P. Bose and T. M. Conte",
  title = "Performance Analysis and Its Impact on Design",
  journal = "IEEE Computer",
  pages = "41-49",
  month = "May",
  year = "1998"
}

@techreport{IYEN96,
  author = "V. S. Iyengar and L. H Trevillyan",
  title = "Evaluation and Generation of Reduced Traces for Benchmarks",
  number = "RC20610",
  institution = "IBM T. J. Watson",
  month = "Oct",
  year = "1996"
}

@inproceedings{ LAFA99,
  author = "T. Lafage and A. Seznec and E. Rohou and F. Bodin",
  title = "Code Cloning Tracing: A ``Pay per Trace'' Approach",
  booktitle = "EuroPar'99 Parallel Processing",
  address = "Toulouse, France",
  month = "August",
  year = "1999"
}

@inproceedings{ NOON97,
  author = "D. B. Noonburg and J. P. Shen",
  title = "A Framework for Statistical Modeling of Superscalar Processor Performance",
  booktitle = "Proc. Thrird In. Symp. On High Perf. Computer Architecture",
  address = "San Antonio, Texas",
  month = "February",
  year = "1997"
}

@inproceedings{ EECK00,
  author = "L. Eeckhout and K. De Bosschere and H. Neefs",
  title = "Performance Analysis Through Synthetic Trace Generation",
  booktitle = "Int. Symp. on Performance Analysis of Systems and Software",
  address = "Liege, Belgium",
  month = "April",
  year = "2000",
  url = "http://www.elis.rug.ac.be/~leeckhou/"
}

@inproceedings{ haskins01minimal,
  author = "J.W. Haskins and K. Skadron",
  title = "Minimal Subset Evaluation: Rapid Warm-up for Simulated Hardware State",
  booktitle = "Proc. of the 2001 International Conference on Computer Design",
  address = "Austin, Texas",
  month = "September",
  year = "2001",
  url = "http://www.cs.virginia.edu/~skadron/Papers/haskins_iccd_sim.abstract.html"
}

@inproceedings{ condor,
  author = "M. J. Litzkow and M. Livny and M. W. Mutka",
  title = "Condor - A hunter of idle workstations",
  booktitle = "Proc. of the 8th Intl. Conf. on Distributed Computing Systems",
  address = "San Jose, Calif",
  month = "June",
  year = "1988",
  pages = "104--111"
}

@Article{BMAT,
  author =       {Z. Wang and K. Pierce and S. McFarling},
  title =        {{BMAT} --- A Binary Matching Tool for Stale
                  Profile Propagation},
  journal =      {Journal of Instruction-Level Parallelism},
  year =         2000,
  volume =       2,
  number =       {1--6}
}

@inproceedings{sherwood02,
  author = "T. Sherwood and E. Perelman and G. Hamerly and B. Calder",
  title = "{A}utomatically {C}haracterizing {L}arge {S}cale {P}rogram {B}ehavior",
  booktitle = "Proc. of Tenth International Conference on Architectural Support for Programming Languages and Operating
Systems",
  address = "San Jose, Calif",
  month = "October",
  year = "2002"
}

@inproceedings{ATOM,
  author = "A. Srivastava and A. Eustace",
  title = "{ATOM}: {A} system for building cutomized program analysis tools",
  booktitle = "Proc. of the Conference on Programming Language Design and Implementation",
  pages = "196--205",
  address = "Orlando, Florida",
  year = "1994"
}

@booklet{ooosysc,
    author = "Gilles Mouchard and Daniel {Gracia P\'erez}",
    title = "{OoOSysC}",
    year = "2004",
    address = "http://www.microlib.org/OoOSysC/"
}

@inproceedings{eventcompiledvhdl,
   author = "Robert S. French and Monica S. Lam and Jeremy R. Levitt and Kunle Olukotun",
   title = "{A} {G}eneral {M}ethod for {C}ompiling {E}vent-{D}riven {S}imulations",
   booktitle = "The Proceedings of the Design Automation Conference (DAC)",
   address = "San Francisco, California",
   month = "June",
   year = "1995"
}

@article{paralvhdl,
    author = "V. Kirshnaswamy and G. Hasteer and P. Banerjee",
    title = "{A}utomatic {P}arallelization of {C}ompiled {E}vent {D}riven {VHDL} {S}imulation",
    journal = "IEEE Transactions on Computers",
    volume = "54",
    number = "4",
    page = "380-394",
    month = "April",
    year = "2002"
}

@inproceedings{compilingesterel,
   author = "Stephen A. Edwards",
   title = "{C}ompiling {E}sterel into {S}equential {C}ode",
   booktitle = "proceedings of the 37th Design Automation Conference (DAC)",
   address = "Los Angeles, California",
   month = "June",
   year = "2000"
}

@inproceedings{OSKIN00,
   author = "M. Oskin and F.T. Chong and M. Farrens",
   title = "{HLS}: {C}ombining {S}tatistical and {S}ymbolic {S}imulation to {G}uide {M}icroprocessor {D}esign",
   booktitle = "proceedings of the 27th International Symposium on Computer Architecture (ISCA)",
   address = "Vancouver, British Columbia, Canada",
   month = "June",
   year = "2000"
}

@inproceedings{SMARTS,
   author = "Roland. E. Wunderlich and Thomas F. Wenish and Babak Falsafi and James C. Hoe",
   title = "{SMARTS}: {A}ccelerating {M}icroarchitecture {S}imulation via {R}igourous {S}tatistical {S}ampling",
   booktitle = "proceedings of the 30th Internaltional Symposium on Computer Architecture (ISCA)",
   address = "San Diego, Calfornia, USA",
   month = "June",
   year = "2003"
}

@article{WARMUP,
  author = "S. Laha, J.H. Patel and R.K. Iyer",
  title = "{A}ccurate {L}ow-{C}ost {Methods} for {P}erformance {E}valuation of {C}ache {M}emory {S}ystems",
  journal = "IEEE Transactions on Computers",
  volume = "C-37",
  number = "11",
  month = "February",
  year = "1988"
}

@article{smith_sohi_95,
  author = "J. Smith and G. Sohi",
  title = "{T}he {M}icroarchitecture of {S}uperscalar {P}rocessor",
  journal = "Proceedings of the IEEE",
  volume = "83",
  page = "1609--1624",
  month = "December",
  year = "1995"
}

@misc{pentium4micro,
	author = "Glen Hinton and Dave Sager and Mike Upton and Darrell Boggs and Doug Carmean and Alan Kyker and Patrice Roussel",
	title = "{T}he {M}icroarchitecture of the {P}entium 4 {P}rocessor"
}

@article{R10000micro,
   author = "Kenneth C. Yeager",
   title = "{T}he {MIPS} {R}10000 {S}uperscalar {M}icroprocessor",
   journal = "IEEE Micro",
   volume = "16",
   number = "2",
   page = "28-40",
   year = "1996"
}

@article{Alpha21264micro,
   author = "R.E. Kessler",
   title = "{T}he {A}lpha 21264 {M}icroprocessor",
   journal = "IEEE Micro",
   volume = "19",
   number = "2",
   page = "24-36",
   year = "1999"
}

@inproceedings{microlib_wddd,
	author = "Daniel Gracia Pérez and Gilles Mouchard and Olivier Temam",
	title = "{M}icro{L}ib: {A} {C}ase for the {Q}uantitative {C}omparison of {M}icro-{A}rchitecture {M}echanisms",
	booktitle = "Third Annual Workshop on Duplicating, Deconstructing, and Debunking (WDDD)",
	address = "Munich, Germany",
	month = "June",
	year = "2004"
}

@booklet{microlib_micro,
	author = "Daniel Gracia Pérez and Gilles Mouchard and Olivier Temam",
	title = "{M}icro{L}ib: {A} {C}ase for the {Q}uantitative {C}omparison of {M}icro-{A}rchitecture {M}echanisms",
	month = "June",
	year = "2004",
	address = "http://www.microlib.org/Caches"
}

@inproceedings{MASE,
	author = "A. Larson and S. Chatterjee and T. Austin",
	title = "{MASE}: {A} {N}ovel {I}nfrastructure for {D}etailed {M}icroarchitectural {M}odeling",
	booktitle = "International Symposium on Performance Analysis of Systems and Software",
	address = "Tucson, Arizona",
	month = "November",
	year = "2001",
}

@inproceedings{sim-nML,
	author = "V. Rajesh and Rajat Moona",
	title = "{P}rocessor {M}odeling for {H}ardware {S}oftware {C}odesign",
	booktitle = "The Proceedings of the 12th International Conference on VLSI Design",
	address = "Goa, India",
	month = "January",
	year = "1999"
}

@inproceedings{ISDL,
	author = "George Hadjiyiannis and Silviana Hanono and Srinivas Devadas",
	title = "{ISDL}: {A}n {I}nstruction {S}et {D}escription {L}anguage for {R}etargetability",
	booktitle = "The Proceedings of the 34th Annual Conference on Design Automation (DAC)",
	address = "Anaheim, CA",
	month = "June",
	year = "1997"
}

@inproceedings{LISA,
	author = "S. Pees and A. Hoffmann and V. Zivojnovic and H. Meyr",
	title = "{LISA} -- {M}achine {D}escription {L}anguage for {C}ycle-{A}ccurate {M}odels of {P}rogrammable {DSP} {A}rchitectures",
	booktitle = "The Proceedings of Design Automation Conference (DAC)",
	address = "New Orleans, LA, USA",
	page = "933--938",
	month = "June",
	year = "1999"
}

@article{SLED,
  author="Norman Ramsey and Mary F. Fernandez",
  title="{S}pecifying {R}epresentations of {M}achine {I}nstructions",
  oldtitle="The {New} {Jersey} {Machine-Code} {Toolkit}",
  year="1997", month=may, volume=19, number=3,
  pages="492-524",
  journal="{ACM Transactions on Programming Languages and Systems}"
}

@inproceedings{Reshadi03,
	author = "Mehrdad Reshadi and Nikhil Bansal and Prabhat Mishra and Nikil Dutt",
	title = "{A}n {E}fficient {R}etargetable {F}ramework for {I}nstruction-{S}et {S}imulation",
	booktitle = "The Proceedings of The International Conference on Hardware/Software Codesign and System Synthesis (CODES+ISSS)",
	address = "Newport Beach, CA",
	month = "October",
	year = "2003"
}

@inproceedings{Facile,
	author = "Eric C. Schnarr and Mark D. Hill and James R. Larus",
	title = "{F}acile: {A} {L}anguage and {C}ompiler {F}or {H}igh-{P}erformance {P}rocessor {S}imulators",
	booktitle = "The Proceedings of The Conference on Programming Language Design and Implementation (PLDI)",
	address = "Snowbird, Utah",
	month = "June",
	year = "2001"
}

@inproceedings{Zhu99,
	author = "Jianwen. Zhu and Daniel D. Gajski",
	title = "{A} {R}etargetable, {U}ltra-fast {I}nstruction {S}et {S}imulator",
	booktitle = "The Proceedings of Design Automation and Test Conference in Europe (DATE)",
	address = "Munich, Germany",
	month = "March",
	year = "1999"
}

@inproceedings{Dixie,
	author = "Manel Fernandez and Roger Espasa",
	title = "{D}ixie: {A} {R}etargetable {B}inary {I}nstrumentation {T}ool, {W}orkshop on {B}inary {T}ranslation (held in conjuntion with PACT'99)",
	address = "Newport Beach, California",
	month = "October",
	year = "1999"
}

@inproceedings{DELI,
	author = "Giuseppe Desoli and Nikolay Mateev and Evelyn Duesterwald and Paolo Faraboschi and Joseph A. Fisher",
	title = "{DELI}: {A} {N}ew {R}un-{T}ime {C}ontrol {P}oint",
	booktitle = "The Proceedings of the 35th Annual International Symposium on Microarchitecture (MICRO)",
	address = "Istanbul, Turkey",
	month = "November",
	year = "2002"
}

@article{UQBT,
	author = "Cristina Cifuentes and Mike Van Emmerik",
	title = "{UQBT}: {A}daptable {B}inary {T}ranslation at {L}ow {C}ost",
	journal = "IEEE Computer",
	volume = "33",
	number = "3",
	month = "March",
	year = "2000"
}

@inproceedings{Strata,
	author = "Kevin Scott and Jack Davidson",
	title = "{S}trata: {A} {S}oftware {D}ynamic {T}ranslation {I}nfrastructure",
	booktitle = "Proceedings of the IEEE Workshop on Binary Translation",
	address = "Barcelona, Spain",
	month = "September",
	year = "2001"
}

@inproceedings{TFsim,
	author = "Carl J. Mauer and Mark D. Hill and David A. Wood",
	title = "{F}ull-{S}ystem {T}iming-{F}irst {S}imulation",
	booktitle = "SIGMETRICS",
	address = "Marina Del Rey, California",
	month = "June",
	year = "2002"
}

@inproceedings{BabelSimpleScalar,
	author = "Wai Sum Mong and Jianwen Zhu",
	title = "{A} {R}etargetable {M}icro-architecture {S}imulator",
	booktitle = "The Proceedings of the Design Automation Conference (DAC)",
	address = "Anaheim, CA, USA",
	month = "June",
	year = "2003"
}

@techreport{GLISS,
	author = "Marc Finet and Christine Rochange and Pascal Sainrat",
	title = "{GLISS} 1.1.6: {G}enerator of {L}ibraries for {ISS} {R}eference {M}anual",
	institution = "Institut de Recherche en Informatique de Toulouse (IRIT)",
	number = "IRIT 2002-40-R",
	month = "March",
	year = "2003"
}

@inproceedings{JIT-CCS,
	author = "Achim Nohl and Gunnar Braun and Oliver Schliebusch and Rainer Leupers and Heinrich Meyr and Andreas Hoffmann",
	title = "{A} {U}niversal {T}echnique for {F}ast and {F}lexible {I}nstruction-{S}et {A}rchitecture {S}imulation",
	booktitle = "Proceedings of the 39th Design Automation Conference (DAC)",
	address = "New Orleans, Louisiana, USA",
	month = "June",
	year = "2002"
}

@inproceedings{IC-CS,
	author = "Mehrdad Reshadi and Prabhat Mishra and Nikil Dutt",
	title = "{I}nstruction {S}et {C}ompiled {S}imulation: {A} {T}echnique for {F}ast and {F}lexible {I}nstruction {S}et {S}imulation",
	booktitle = "The Proceedings of the 40th Design Automation Conference (DAC)",
	address = "Anaheim, California, USA",
	month = "June",
	year = "2003"
}

@inproceedings{nML,
	author = "A. Fauth and J. Van Praet and M. Freericks",
	title =  "{D}escribing {I}nstruction {S}et {P}rocessors {U}sing n{ML}",
	booktitle = "Proceedings of the European Conference on Design and Test",
	address = "Paris, France",
	month = "March",
	year = "1995"
}

@inproceedings{papariello02,
	author = "Francesco Papariello and Gabriele Luculli",
	title = "{O}ptimization of a {R}etargetable {F}unctional {S}imulator for {E}mbedded {P}rocessors",
	booktitle = "Proceeding of the 9th Annual IEEE Conference and Workshop on the Engineering of Computer-Based Systems (ECBS)",
	address = "Lund, Sweden",
	month = "April",
	year = "2002"
}

@inproceedings{Babel,
	author = "Jianwen Zhu and Wai Sum Mong",
	title = "{S}pecification of {N}on-{F}unctional {I}ntellectual {P}roperty {C}omponents",
	booktitle = "Proceedings of the Design, Automation and Test in Europe Conference (DATE)",
	address = "Munich, Germany",
	month = "March",
	year = "2003"
}

@techreport{gshare,
	author = "S. McFarling",
	title = "{C}ombining {B}ranch {P}redictor",
	institution = "Digital Western Research Laboratory, Palo Alto, California, USA",
	number = "WRL TN-36",
	month = "June",
	year = "1993"
}

@article{btb,
	author = "J.K.F. Lee and A.J. Smith",
	title = "{B}ranch {P}rediction {S}trategies and {B}ranch {T}arget {B}uffer {D}esign",
	journal = "IEEE Computer Magazine",
	page = "6--22",
	month = "January",
	year = "1984"
}

@inproceedings{ras,
	author = "David Kaeli and P.G. Emma",
	title = "Branch History Table Prediction of moving target branches due to subroutine returns",
	booktitle = "proceedings of the International Symposium on Computer Architecture (ISCA)",
	address = "Toronto, Canada",
	month = "May",
	year = "1991"
}

@inproceedings{rob,
	author = "J. Smith and A. Pleszkun",
	title = "{I}mplementation of {P}recise {I}nterrupts in {P}ipelined {P}rocessors",
	booktitle = "Proceedings of International Symposium on Computer Architecture (ISCA)",
	address = "Boston, MA, USA",
	page = "36--44",
	month = "June",
	year = "1985"
}

@booklet{SoCLib,
	title = "{SoCLib}",
    address = "http://soclib.lip6.fr"
}

@inproceedings{DBCP,
 author = {An-Chow Lai and Cem Fide and Babak Falsafi},
 title = {Dead-block prediction \& dead-block correlating prefetchers},
 booktitle = {Proceedings of the 28th annual international symposium on Computer architecture (ISCA)},
 year = {2001},
 pages = {144--154},
 address = {Göteborg, Sweden},
 month = "June"
 }

@inproceedings{ MARKOV,
 author = {Doug Joseph and Dirk Grunwald},
 title = {Prefetching using Markov predictors},
 booktitle = {Proceedings of the 24th annual international symposium on Computer architecture (ISCA)},
 year = {1997},
 isbn = {0-89791-901-7},
 pages = {252--263},
 address = {Denver, Colorado, United States},
 month = "June"
 }

@inproceedings{TK,
 author = {Zhigang Hu and Stefanos Kaxiras and Margaret Martonosi},
 title = {Timekeeping in the memory system: predicting and optimizing memory behavior},
 booktitle = {Proceedings of the 29th annual international symposium on Computer architecture (ISCA)},
 year = {2002},
 pages = {209--220},
 address = {Anchorage, Alaska},
 month = "May"
}

@inproceedings{cuppu99performance,
 author = {Vinodh Cuppu and Bruce Jacob and Brian Davis and Trevor Mudge},
 title = {A performance comparison of contemporary DRAM architectures},
 booktitle = {Proceedings of the 26th annual international symposium on Computer architecture (ISCA)},
 year = {1999},
 pages = {222--233},
 address = {Atlanta, Georgia, United States},
 month = "June"
}

@inproceedings{CDP,
 author = {Robert Cooksey and Stephan Jourdan and Dirk Grunwald},
 title = {A stateless, content-directed data prefetching mechanism},
 booktitle = {Proceedings of the 10th international conference on architectural support for programming languages and operating systems (ASPLOS-X)},
 year = {2002},
 pages = {279--290},
 address = {San Jose, California},
 month = "October"
 }

@inproceedings{TCP,
 author = {Zhigang Hu and Margaret Martonosi and Stefanos Kaxiras},
 title = {{TCP}: Tag Correlating Prefetchers},
 booktitle = {Proceedings of the 9th International Symposium on High Performance Computer Architecture (HPCA)},
 year = {2003},
 address = {Anaheim, California},
 month = "February"
}

@inproceedings{GHB,
 author = {Kyle J. Nesbit and James E. Smith},
 title = {Data Cache Prefetching Using a Global History Buffer},
 booktitle = {Proceedings of the 10th International Symposium on High Performance Computer Architecture (HPCA)},
 year = {2004},
 pages = {96},
 address = {Madrid, Spain},
 month = "February"
}

@inproceedings{FVCEnergy,
 author = {Jun Yang and Rajiv Gupta},
 title = {Energy efficient frequent value data cache design},
 booktitle = {Proceedings of the 35th international symposium on Microarchitecture (MICRO)},
 year = {2002},
 pages = {197--207},
 address = {Istanbul, Turkey},
 month = "November"
 }

@techreport{rockicki,
 author = {Tomas Rockicki},
 title = {Indexing Memory Banks to Maximize Page Mode Hit Percentage and Minimize Memory Latency},
 month = "June",
 year = "1996",
 institution = "HP Laboratories Palo Alto"
}

@inproceedings{interleaveschemes,
 author = {Zhao Zhang and Zhlichun Zhu and Xiaodong Zhang},
 title = {A Permutation-based Page Interleaving Scheme to Reduce Row-Buffer Conflicts and Exploit Data Locality},
 booktitle = {Proceedings of the 33rd international symposium on Microarchitecture (MICRO)},
 year = {2000},
 address = {Monterey, California},
 month = "December"
 }

@inproceedings{sdramcontroller,
 author = {Christian Green},
 title = {Analyzing and implementing {SDRAM} and {SGRAM} controllers},
 booktitle = {EDN (www.edn.com)},
 month = "February",
 year = "1998",
 page = "155"
}

@article{prefetchers,
 author = {Steven P. Vanderwiel and David J. Lilja},
 title = {Data prefetch mechanisms},
 journal = {ACM Computing Surveys},
 volume = {32},
 number = {2},
 year = {2000},
 issn = {0360-0300},
 pages = {174--199},
 doi = {http://doi.acm.org/10.1145/358923.358939},
 publisher = {ACM Press},
 }

@techreport{cacti,
 author = {Premkishore Shivakumar and Norman P. Jouppi},
 title = {{CACTI} 3.0: An Integrated Cache Timing, Power and Area Model},
 month = "August",
 year = "2001",
 institution = "HP Laboratories Palo Alto"
}

@PHDTHESIS{multiportednbcache,
AUTHOR = {James Edwards Sicolo},
TITLE = {A Multiported Nonblocking Cache For a Superscalar Uniprocessor},
SCHOOL = {B.S., State University of New York, Buffalo},
YEAR ={1989},
TYPE = {PHD. Thesis},
}

@techreport{vc,
 author = {Norman P. Jouppi},
 title = {Improving Direct-Mapped Cache Performance by the Addition of a Small Fully-Associative Cache and Prefetch Buffers},
 month = "March",
 year = "1990",
 institution = "Digital, Western Research Laboratory, Palo Alto"
}

@inproceedings{fvc,
 author = {Youtao Zhang and Jun Yang and Rajiv Gupta},
 title = {Frequent value locality and value-centric data cache design},
 booktitle = {Proceedings of the 9th international conference on Architectural support for programming languages and operating systems (ASPLOS-IX)},
 month = {November},
 year = {2000},
 pages = {150--159},
 address = {Cambridge, Massachusetts, United States},
 }

@inproceedings{Liberty,
 author = {Manish Vachharajani and Neil Vachharajani and David A. Penry and Jason A. Blome and David I. August},
 title = {Microarchitectural Exploration with {L}iberty},
 booktitle = {Proceedings of the 35th International Symposium on Microarchitecture (MICRO)},
 Month = "November",
 year = "2002",
 address = "Istanbul, Turkey"
}

@inproceedings{xcacti,
 author = {M. Huang and J. Renau and S. M. Yoo and J. Torrellas},
 title = {L1 Data Cache Decomposition for Energy Efficiency},
 booktitle = "International Symposium on Low Power Electronics and Design (ISLPED 01)",
 page = "10--15",
 year = "2001",
 month = "August",
 address = "Huntington Beach, California"
}

@inproceedings{mshr,
 author = {D. Kroft},
 title = {Lockup-free instruction fetch/prefetch cache organization},
 booktitle = {Proceedings of the 18th International Symposium on Computer Architecture},
 page = {81--87},
 month = {May},
 year = {1981},
 address = {Toronto, Canada}
}

@techreport{SimpleScalar,
   author =   "D. Burger and T. Austin",
   title =   "The SimpleScalar Tool Set, Version 2.0",
   number = "CS-TR-97-1342",
   institution = "Department of Computer Sciences, University of Wisconsin",
   month = "June",
   year =   "1997"
}

@booklet{ SPEC2000,
    author = "SPEC",
    title = "{SPEC2000}",
    address = "http://www.spec.org"
}

@inproceedings{ FVP,
 author = {Youtao Zhang and Rajiv Gupta},
 title = {Enabling Partial Cache Line Prefetching Through Data Compression},
 booktitle = {International Conference on Parallel Processing (ICPP)},
 page = {277--285},
 address = {Kaohsiung, Taiwan},
 month = "October",
 year = "2003"
}

@inproceedings{ EagerWriteback,
 author = {Hsien-Hsin S. Lee and Gary S. Tyson and Matthew K. Farrens},
 title = {Eager writeback - a technique for improving bandwidth utilization},
 booktitle = {Proceedings of the 33rd annual ACM/IEEE international symposium on Microarchitecture},
 year = {2000},
 isbn = {1-58113-196-8},
 pages = {11--21},
 location = {Monterey, California, United States},
 doi = {http://doi.acm.org/10.1145/360128.360132},
 publisher = {ACM Press},
}

@inproceedings{ NonvitalLoads,
 author = { Ryan Rakvic and Bryan Black and Deepak Limaye and John P. Shen},
 title = {Non-vital Loads},
 booktitle = {Proceedings of the Eighth International Symposium on High-Performance Computer Architecture},
 year = {2002},
 isbn = {1503-0897/02},
 publisher = {ACM Press}
}

@booklet{ OpenCores,
    author = "",
    title = "{OPENCORES}",
    year = "2001-2004",
    address = "http://www.opencores.org"
}

@booklet{microlib,
    author = "Alchemy Research Group",
    title = "{M}icro{L}ib",
    year = "2001-2004",
    address = "http://www.microlib.org"
}

@book{Handy93,
      AUTHOR      = {Handy, Jim},
      TITLE       = {The Cache Memory Book},
      NOTE        = {HAN j 98:1 1.Ex},
      YEAR        = {1993},
      PUBLISHER   = {Academic Press},
      SERIES      = {},
 }

@article{tp,
author = "Alan J. Smith",
title = "Cache Memories",
journal = "Computing Surveys",
volume = {14},
number = {3},
pages = {473--530},
month = "September",
year = "1982"
}

@booklet{atom_os,
	author = "J. Fraser and D. Kaeli",
	title = "{A} {C}ode {A}nnotation {T}ool for {C}apturing {O}perating {S}ystem {Execution}",
	address = "Northeastern University Computer Architecture Research Report, NUCAR-6.97.1",
	year = "1997",
	url = "http://www.ece.neu.edu/groups/nucar/research/topic4.html"
}

@booklet{VCS,
	title = "{VCS} {S}imulator v2.3",
	author = "Innoveda (ViewLogic)"
}

@inproceedings{bhaduri03,
	author = "Debayan Bhaduri and Madhup Chandra and Hiren Patel and Shekhar Sharad and Syed Suhaib",
	title = "{S}ystematic {A}bstractions of {M}icroprocessor {RTL} models to enhance {S}imulation {E}fficiency",
	booktitle = "Proceedings of Fourth International Workshop on Microprocessor Test and Verification Common Challenges and Solutions (MTV)",
	address = "Austin, Texas",
	month = "May",
	year = "2003"
}

@inproceedings{Qin03,
	author = "Wei Qin and Sharad Malik",
	title = "{F}lexible and {F}ormal {M}odeling of {M}icroprocessors with {A}pplications to {R}etargetable {S}imulation",
	booktitle = "The Proceedings of Design Automation and Test Conference in Europe (DATE)",
	address = "Munich, Germany",
	month = "March",
	year = "2003"
}

@booklet{mparm,
	title = "{MPARM}",
	url = "http://www-micrel.deis.unibo.it/~angiolini/mparm.html",
	address = "Dipartimento di Elettronica, Informatica e Sistemistica, Universit\'a di Bologna"
}

@inproceedings{sdf_kernel,
	author = "Hiren D. Patel and Sandeep K. Shukla",
	title = "{T}oward {A} {H}eterogeneous {S}imulation {K}ernel for {S}ystem {L}evel {M}odel: {A} {S}ystemC {K}ernel for {S}ynchronous {D}ata {F}low {M}odels",
	booktitle = "Proceedings of the 14th ACM Great Lakes symposium on VLSI (GLVLSI)",
	address = "Boston, MA, USA",
	month = "April",
	year = "2004"
}

@article{gomez02,
 author = {I. G\'omez and L. Pi$\tilde{n}$uel and M. Prieto and F. Tirado},
 title = {Analysis of simulation-adapted SPEC 2000 benchmarks},
 journal = {SIGARCH Comput. Archit. News},
 volume = {30},
 number = {4},
 year = {2002},
 issn = {0163-5964},
 pages = {4--10},
 doi = {http://doi.acm.org/10.1145/871502.871503},
 publisher = {ACM Press},
}