@book{PPC440x5,
   publisher = "IBM",
   title = "PPC440x5 CPU Core User's Manual",
   note = "\url{http://www-01.ibm.com/chips/techlib/techlib.nsf/techdocs/622DCFA1D98B1F10002575A7005464AF/$file/ppc440x5_um.pdf}",
   month = "July",
   year = "2003"
}

@book{UG200,
   publisher = "Xilinx",
   title = "{E}mbedded {P}rocessor {B}lock in {V}irtex-5 {FPGA}s (v1.8) {R}eference {G}uide",
   note = "UG200, \url{http://www.xilinx.com/support/documentation/user_guides/ug200.pdf}",
   month = "February",
   year = "2010"
}

@book{APU_FPU,
   publisher = "Xilinx",
   title = "{L}ogi{CORE} {IP} {V}irtex-5 {APU} {F}loating-{P}oint {U}nit (v1.01a)",
   note = "DS693, \url{http://www.xilinx.com/support/documentation/ip_documentation/apu_fpu_virtex5.pdf}",
   month = "March",
   year = "2011"
}

@book{XPS_UART_LITE,
   publisher = "Xilinx",
   title = "{XPS} {UART} {L}ite (v1.01a)",
   note = "DS571, \url{http://www.xilinx.com/support/documentation/ip_documentation/xps_uartlite.pdf}",
   month = "December",
   year = "2009"
}

@book{XPS_INTC,
   publisher = "Xilinx",
   title = "{L}ogi{CORE} {IP} {XPS} {I}nterrupt {C}ontroller (v2.01a)",
   note = "DS572, \url{http://www.xilinx.com/support/documentation/ip_documentation/xps_intc.pdf}",
   month = "April",
   year = "2010"
}

@book{XPS_TIMER_COUNTER,
   publisher = "Xilinx",
   title = "{L}ogi{CORE} {IP} {XPS} {T}imer/{C}ounter (v1.02a)",
   note = "DS573, \url{http://www.xilinx.com/support/documentation/ip_documentation/xps_timer.pdf}",
   month = "April",
   year = "2010"
}

@book{XPS_GPIO,
   publisher = "Xilinx",
   title = "{XPS} {G}eneral {P}urpose {I}nput/{O}utput ({GPIO}) (v2.00a)",
   note = "DS569, \url{http://www.xilinx.com/support/documentation/ip_documentation/xps_gpio.pdf}",
   month = "December",
   year = "2009"
}

@book{S29GLP,
   publisher = "SPANSION",
   title = "{S}29{GL}-{P} {M}irror{B}it{$^{TM}$} {F}lash {F}amily",
   note = "\url{http://www.spansion.com/Support/Datasheets/S29GL-P_00_A13_e.pdf}",
   month = "November",
   year = "2006"
}

@book{DWARF3,
   publisher = "Free Standards Group",
   title = "DWARF Debugging Information Format Version 3",
   note = "\url{http://www.dwarfstd.org/doc/Dwarf3.pdf}",
   month = "December",
   year = "2005"
}

@book{GDB,
   publisher = "GNU",
   author = "Richard Stallman and Roland Pesch and Stan Shebs and al.",
   title = "Debugging with GDB",
   note = "\url{http://sourceware.org/gdb/current/onlinedocs/gdb.pdf.gz}",
}

@book{ELF,
   title = "{ELF}-64 {O}bject {F}ile {F}ormat",
   note = "\url{http://downloads.openwatcom.org/ftp/devel/docs/elf-64-gen.pdf}",
   month = "May",
   year = "1998"
}

@book{S19,
   title = "{S}-{R}ecord {O}utput {F}ormat",
   note = "In MC68000 Family Programmerâ€™s Reference Manual, Appendix C, \url{http://www.freescale.com/files/archives/doc/ref_manual/M68000PRM.pdf}",
   year = "1992"
}

@inproceedings{mibench,
   author = {Guthaus, M. R. and Ringenberg, J. S. and Ernst, D. and Austin, T. M. and Mudge, T. and Brown, R. B.},
   title = {MiBench: A free, commercially representative embedded benchmark suite},
   booktitle = {Proceedings of the Workload Characterization, 2001. WWC-4. 2001 IEEE International Workshop},
   year = {2001},
   isbn = {0-7803-7315-4},
   pages = {3--14},
   numpages = {12},
   url = {http://dl.acm.org/citation.cfm?id=1128020.1128563},
   doi = {10.1109/WWC.2001.15},
   acmid = {1128563},
   publisher = {IEEE Computer Society},
   address = {Washington, DC, USA},
}

@booklet{mibenchwebsite,
   title = "{MiBench Version 1.0}",
   address = "\url{http://www.eecs.umich.edu/mibench}"
}
