@booklet{unisimvp,
   title = "{UNISIM Virtual Platforms}",
   address = "\url{http://www.unisim-vp.org}"
}
